% This file was created with JabRef 2.10b2.
% Encoding: UTF-8


@Misc{Fernandes18,
  Title                    = {O que é Conteinerização de aplicação?},
  Author                   = {André Fernandes},
  Year                     = {2018},
  Timestamp                = {2018.09.04},
  Url                      = {https://vertigo.com.br/o-que-e-conteinerizacao-de-aplicacao/},
  Urlaccessdate            = {28 de setembro de 2019}
}
